<record xmlns="http://www.loc.gov/MARC21/slim">
   <leader>03398cam a2200457 i 4500</leader>
   <controlfield tag="001">6740168</controlfield>
   <controlfield tag="003">OCoLC</controlfield>
   <controlfield tag="005">20141031110307.0</controlfield>
   <controlfield tag="008">140226t20152015mdua     b    001 0 eng  </controlfield>
   <datafield ind1=" " ind2=" " tag="010">
      <subfield code="a">  2014007881</subfield>
   </datafield>
   <datafield ind1=" " ind2=" " tag="015">
      <subfield code="a">GBB474125</subfield>
      <subfield code="2">bnb</subfield>
   </datafield>
   <datafield ind1="7" ind2=" " tag="016">
      <subfield code="a">016794252</subfield>
      <subfield code="2">Uk</subfield>
   </datafield>
   <datafield ind1=" " ind2=" " tag="020">
      <subfield code="a">9780759120709 (cloth : alk. paper)</subfield>
   </datafield>
   <datafield ind1=" " ind2=" " tag="020">
      <subfield code="a">0759120706 (cloth : alk. paper)</subfield>
   </datafield>
   <datafield ind1=" " ind2=" " tag="020">
      <subfield code="a">9780759120716 (pbk. : alk. paper)</subfield>
   </datafield>
   <datafield ind1=" " ind2=" " tag="020">
      <subfield code="a">0759120714 (pbk. : alk. paper)</subfield>
   </datafield>
   <datafield ind1=" " ind2=" " tag="020">
      <subfield code="z">9780759120723 (electronic)</subfield>
   </datafield>
   <datafield ind1="8" ind2=" " tag="024">
      <subfield code="a">40023903660</subfield>
   </datafield>
   <datafield ind1=" " ind2=" " tag="035">
      <subfield code="a">ocn871228506</subfield>
   </datafield>
   <datafield ind1=" " ind2=" " tag="040">
      <subfield code="a">DLC</subfield>
      <subfield code="b">eng</subfield>
      <subfield code="e">rda</subfield>
      <subfield code="c">DLC</subfield>
      <subfield code="d">YDX</subfield>
      <subfield code="d">UKMGB</subfield>
      <subfield code="d">YDXCP</subfield>
      <subfield code="d">OCLCO</subfield>
      <subfield code="d">OCLCF</subfield>
      <subfield code="d">YUS</subfield>
      <subfield code="d">PUL</subfield>
      <subfield code="d">PMC</subfield>
      <subfield code="d">UAB</subfield>
   </datafield>
   <datafield ind1=" " ind2=" " tag="042">
      <subfield code="a">pcc</subfield>
   </datafield>
   <datafield ind1="0" ind2="0" tag="050">
      <subfield code="a">GN345</subfield>
      <subfield code="b">.H37 2015</subfield>
   </datafield>
   <datafield ind1="0" ind2="0" tag="082">
      <subfield code="a">305.8001</subfield>
      <subfield code="2">23</subfield>
   </datafield>
   <datafield ind1=" " ind2=" " tag="090">
      <subfield code="a">GN 345 H37 2015</subfield>
      <subfield code="b">ARDC</subfield>
   </datafield>
   <datafield ind1=" " ind2=" " tag="090">
      <subfield code="a">GN 345 H37 2015</subfield>
      <subfield code="b">AEU</subfield>
   </datafield>
   <datafield ind1="0" ind2="0" tag="245">
      <subfield code="a">Handbook of methods in cultural anthropology /</subfield>
      <subfield code="c">edited by H. Russell Bernard and Clarence C. Gravlee.</subfield>
   </datafield>
   <datafield ind1=" " ind2=" " tag="250">
      <subfield code="a">Second edition.</subfield>
   </datafield>
   <datafield ind1=" " ind2="1" tag="264">
      <subfield code="a">Lanham, Maryland :</subfield>
      <subfield code="b">Rowman &amp; Littlefield,</subfield>
      <subfield code="c">[2015]</subfield>
   </datafield>
   <datafield ind1=" " ind2="4" tag="264">
      <subfield code="c">©2015</subfield>
   </datafield>
   <datafield ind1=" " ind2=" " tag="300">
      <subfield code="a">viii, 775 pages :</subfield>
      <subfield code="b">illustrations ;</subfield>
      <subfield code="c">26 cm</subfield>
   </datafield>
   <datafield ind1=" " ind2=" " tag="336">
      <subfield code="a">text</subfield>
      <subfield code="2">rdacontent</subfield>
   </datafield>
   <datafield ind1=" " ind2=" " tag="337">
      <subfield code="a">unmediated</subfield>
      <subfield code="2">rdamedia</subfield>
   </datafield>
   <datafield ind1=" " ind2=" " tag="338">
      <subfield code="a">volume</subfield>
      <subfield code="2">rdacarrier</subfield>
   </datafield>
   <datafield ind1=" " ind2=" " tag="504">
      <subfield code="a">Includes bibliographical references and indexes.</subfield>
   </datafield>
   <datafield ind1="0" ind2=" " tag="505">
      <subfield code="a">Introduction : On method and methods in anthropology / H. Russell Bernard and Clarence C. Gravlee -- Epistemology : the nature and validation of knowledge / Michael Schnegg -- In search of meaningful methods / James W. Fernandez and Michael Herzfeld -- Research design and research strategies / Jeffey C. Johnson and Daniel J. Hruschka -- Ethics / Carolyn Fluehr-Lobban -- Feminist methods / Christine Ward Gailey -- Participatory methods and community-based collaborations / Stephen L. Schensul ... [et al.] -- Sampling and selecting participants in field research / Greg Guest -- Participant observation / Kathleen Musante (DeWalt) -- Behavioral observation / Raymond Hames and Michael Paolisso -- Person-centered interviewing and observation / Robert I. Levy and Douglas W. Hollan -- Structured interviewing and questionnaire construction / Susan C. Weller -- Discourse-centered methods / Brenda Farnell and Laura R. Graham -- Visual anthropology / Fadwa El Guindi -- Ethnography of online cultures / Jeffrey G. Snodgrass -- Social survey methods / William W. Dressler and Kathryn S. Oths -- Reasoning with numbers / W. Penn Handwerker and Stephen P. Borgatti -- Text analysis / Amber Wutich, Gery Ryan, and H. Russell Bernard -- Cross-cultural research / Carol R. Ember, Melvin Ember, and Peter N. Peregrine -- Geospatial analysis / Eduardo S. Brondizio and Tracy Van Holt -- Social network analysis / Christopher McCarty and José Luis Molina -- Theories and methods in applied anthropology / Robert T. Trotter II, Jean J. Schensul, and Kristin M. Kostick -- Presenting anthropology to diverse audiences / Conrad Phillip Kottak -- Public anthropology / Thomas Hylland Eriksen.</subfield>
   </datafield>
   <datafield ind1=" " ind2=" " tag="596">
      <subfield code="a">16 35</subfield>
   </datafield>
   <datafield ind1=" " ind2="0" tag="650">
      <subfield code="a">Ethnology</subfield>
      <subfield code="x">Methodology.</subfield>
   </datafield>
   <datafield ind1="1" ind2=" " tag="700">
      <subfield code="a">Bernard, H. Russell</subfield>
      <subfield code="q">(Harvey Russell),</subfield>
      <subfield code="d">1940-</subfield>
      <subfield code="e">editor.</subfield>
   </datafield>
   <datafield ind1=" " ind2=" " tag="949">
      <subfield code="a">GN 345 H37 2015</subfield>
      <subfield code="c">1</subfield>
      <subfield code="h">UAAU-B</subfield>
      <subfield code="i">0162035182870</subfield>
   </datafield>
   <datafield ind1=" " ind2=" " tag="926">
      <subfield code="a">GN 345 H37 2015</subfield>
      <subfield code="w">LC</subfield>
      <subfield code="c">1</subfield>
      <subfield code="i">0162035182870</subfield>
      <subfield code="d">4/26/2016</subfield>
      <subfield code="e">3/31/2016</subfield>
      <subfield code="l">ON_SHELF</subfield>
      <subfield code="m">UAAUG</subfield>
      <subfield code="n">1</subfield>
      <subfield code="p">$150.00</subfield>
      <subfield code="r">Y</subfield>
      <subfield code="s">Y</subfield>
      <subfield code="t">BOOK</subfield>
      <subfield code="u">11/19/2014</subfield>
   </datafield>
   <datafield ind1=" " ind2=" " tag="926">
      <subfield code="a">GN 345 H37 2015</subfield>
      <subfield code="w">LC</subfield>
      <subfield code="c">1</subfield>
      <subfield code="i">30125302461669</subfield>
      <subfield code="d">2/28/2017</subfield>
      <subfield code="e">2/28/2017</subfield>
      <subfield code="k">CHECKEDOUT</subfield>
      <subfield code="l">FLOOR_2</subfield>
      <subfield code="m">RED_DEER_C</subfield>
      <subfield code="n">4</subfield>
      <subfield code="r">M</subfield>
      <subfield code="s">Y</subfield>
      <subfield code="t">BOOK</subfield>
      <subfield code="u">10/5/2015</subfield>
   </datafield>
</record>
